@Article{friedman-graph-simple-polytope,
    Author = {Eric J. {Friedman}},
    Title = {{Finding a simple polytope from its graph in polynomial time.}},
    FJournal = {{Discrete \& Computational Geometry}},
    Journal = {{Discrete Comput. Geom.}},
    ISSN = {0179-5376; 1432-0444/e},
    Volume = {41},
    Number = {2},
    Pages = {249--256},
    Year = {2009},
    Publisher = {Springer-Verlag, New York, NY},
    Language = {English},
    DOI = {10.1007/s00454-008-9121-7},
    MSC2010 = {52B05 68Q17 90C57 90C20},
    Zbl = {1163.52004}
}